@incollection{maschek2013zugbeeinflussung,
  title={Zugbeeinflussung},
  author={Maschek, Ulrich},
  booktitle={Sicherung des Schienenverkehrs},
  pages={184--212},
  year={2013},
  publisher={Springer}
}

@book{wende2013fahrdynamik,
  title={Fahrdynamik des Schienenverkehrs},
  author={Wende, Dietrich},
  year={2013},
  publisher={Springer-Verlag}
}

@book{richard2011technische,
  title={Technische Mechanik. Dynamik: Grundlagen - effektiv und anwendungsnah},
  author={Richard, H.A. and Sander, M.},
  year={2011},
  isbn={9783834814050},
  series={Aus dem Programm Mechanik},
  publisher={Vieweg+Teubner Verlag}
}